@article{ dirk2941,
       author = "Ahlgren, B. and Dannewitz,C and Imbrenda, C. and Kutscher, D. and Ohlman, B.",
       title = "A Survey of Information-Centric Networking",
       journal = "Communications Magazine, IEEE (Volume 50, Issue: 7)",
       page = "26 - 36",
       year = "July 2012" 
}

@article{ tcpbreak,
       author = "Farrell, S. and Cahill, V. and Geraghty, D. and Humphreys, I.",
       title = "{When TCP Breaks: Delay- and Disruption-Tolerant Networking}",
       journal = "Internet Computing, IEEE (Volume 10, Issue: 4)",
       page = "72 - 78",
       year = "September 2006"
}
	    
@misc { CCNxproto,
      author = { Palo Alto Research Center (PARC) },
      title = { {CCN}x {P}rotocol },
      year = { July 2013 },
      howpublished = "http://www.ccnx.org/releases/latest/doc/technical/CCNxProtocol.html"
}

@misc { CCNxIM,
      author = { Palo Alto Research Center (PARC) },
      title = { {CCN}x {I}nterest {M}essage },
      year = { July 2013 },
      howpublished =  "http://www.ccnx.org/releases/latest/doc/technical/InterestMessage.html"
}

@PhDThesis { bond,
	   author = { Meisel, Michael Richard},
	   title = { BOND: Unifying Mobile Networks with Named Data },
	   school = { University of California, Los Angeles},
	   year = { 2011 },
}

@INPROCEEDINGS { oppnets,
author = { Huang, C. and Lan, K. and Tsai, C. },
title = { A Survey of Opportunistic Networks },
booktitle = { 22nd International Conference on Advanced Information Networking and Applications - Workshops },
year = { 2008 }
}

@INPROCEEDINGS { DTNarch,
author = { Fall, Kevin },
title = { A Delay-Tolerant Network Architecture for Challenged Internets },
booktitle = { SIGCOMM \'03 Proceedings of the 2003 conference on Applications, technologies, architectures, and protocols for computer communications },
pages = { 27 - 34 },
year = { 2003 }
}

@misc { rfc4838,
author = { Cerf, V. and Burleigh, S. and Torgerson, L. Hooke, A. and Durst R. and Scott, K. and Fall, K. and Weiss, H.},
title = { Delay- Tolerant Networking Architecture },
howpublished= "IETF RFC 4838 - Network Working Group",
year = 2007,
}

@INPROCEEDINGS { hotnets,
author = { Ghodsi, A. and Shenker, S. and Koponen, T. and Singla, A. and Raghavan, B. and Wilcox, J. },
title = { Information-centric networking: seeing the forest for the trees },
booktitle = { HotNets-X Proceedings of the 10th ACM Workshop on Hot Topics in Networks, SIGCOMM },
year = 2011,
month = 11,
}

@misc { ndnproj,
author = { Zhang, L. and Estrin, D. and Burke, J. and Jacobson, V. and Thornton, J. and Smletters, D. and Zhang. B. and Tsudik, G. and Claffy, K. and Krioukov, D. and Massey, D. and Papadoupoulos, C. and Abdelzaher, T. and Wang, L. and Crowley, P. and Yeh, E. },
title = { Named Data Networking (NDN) Project },
howpublished = { NDN, Technical Report NDN-0001, http://named-data.net/techreports.html },
month = 10,
year = 2010
}

@INPROCEEDINGS { haggle,
author = { Karaliopoulos, M. and Rohner, C. },
title = { Trace-based performance analysis of opportunistic forwarding under imperfect node cooperation },
booktitle = { The 31st Annual IEEE International Conference on Computer Communications: Mini-Conference },
year = 2012
}

@INPROCEEDINGS { nnc,
author = { Jacobson, V. and Smetters, D. and Thronton, J. and Plass, M. and Briggs, N. and Braynard, R. },
title = { Networking Named Content },
booktitle = { CoNEXT '09 Proceedings of the 5th international conference on Emerging networking experiments and technologies },
pages = { 1 - 12 },
year = 2009
}

@INPROCEEDINGS {haggletrc,
author = { Rohner, C. and Bjurefors, F. and Gunningberg, P. and McNamara, L.},
title = { Making the Most of Your Contacts: Transfer Ordering in Data-Centric Opportunistic Networks },
booktitle = { ACM MobiOpp Workshop on Mobile Opportunistic Networks (MobiOpp) '12 },
year = 2012
}


